@book{test,
    author = "William Riddell",
    title= "Test Book",
    year= "2023",
    publisher= "British London",
}

@book{awad2015efficient,
  title={Efficient Learning Machines: Theories, Concepts, and Applications for Engineers and System Designers},
  author={Awad, M. and Khanna, R.},
  isbn={9781430259893},
  lccn={2015473127},
  url={https://books.google.co.uk/books?id=qPGQnAEACAAJ},
  year={2015},
  publisher={Apress}
}

@online{johnHopkinsTypesOfSeizures,
  title={Types of Seizures, What is a seizure?},
  author={John Hopkins Medicine},
  url={https://www.hopkinsmedicine.org/health/conditions-and-diseases/epilepsy/types-of-seizures},
  urldate={2023}
}

@article{acharya2018automated,
  title={Automated seizure prediction},
  author={Acharya, U Rajendra and Hagiwara, Yuki and Adeli, Hojjat},
  journal={Epilepsy \& Behavior},
  volume={88},
  pages={251--261},
  year={2018},
  publisher={Elsevier}
}

@inproceedings{shoeb2010application,
  title={Application of machine learning to epileptic seizure detection},
  author={Shoeb, Ali H and Guttag, John V},
  booktitle={Proceedings of the 27th international conference on machine learning (ICML-10)},
  pages={975--982},
  year={2010}
}

@article{chakraborti2018machine,
  title={A machine learning based method to detect epilepsy},
  author={Chakraborti, Satarupa and Choudhary, Aditi and Singh, Avantika and Kumar, Raunak and Swetapadma, Aleena},
  journal={International Journal of Information Technology},
  volume={10},
  pages={257--263},
  year={2018},
  publisher={Springer}
}

@inproceedings{kumar2014machine,
  title={Machine learning approach for epileptic seizure detection using wavelet analysis of EEG signals},
  author={Kumar, Abhishek and Kolekar, Maheshkumar H},
  booktitle={2014 International Conference on Medical Imaging, m-Health and Emerging Communication Systems (MedCom)},
  pages={412--416},
  year={2014},
  organization={IEEE}
}

@article{shen2022eeg,
  title={An EEG based real-time epilepsy seizure detection approach using discrete wavelet transform and machine learning methods},
  author={Shen, Mingkan and Wen, Peng and Song, Bo and Li, Yan},
  journal={Biomedical Signal Processing and Control},
  volume={77},
  pages={103820},
  year={2022},
  publisher={Elsevier}
}

@article{gupta2019epileptic,
  title={Epileptic seizure identification using entropy of FBSE based EEG rhythms},
  author={Gupta, Vipin and Pachori, Ram Bilas},
  journal={Biomedical Signal Processing and Control},
  volume={53},
  pages={101569},
  year={2019},
  publisher={Elsevier}
}

@article{samiee2015long,
  title={Long-term epileptic EEG classification via 2D mapping and textural features},
  author={Samiee, Kaveh and Kiranyaz, Serkan and Gabbouj, Moncef and Saram{\"a}ki, Tapio},
  journal={Expert Systems with Applications},
  volume={42},
  number={20},
  pages={7175--7185},
  year={2015},
  publisher={Elsevier}
}

@article{zabihi2015analysis,
  title={Analysis of high-dimensional phase space via Poincar{\'e} section for patient-specific seizure detection},
  author={Zabihi, Morteza and Kiranyaz, Serkan and Rad, Ali Bahrami and Katsaggelos, Aggelos K and Gabbouj, Moncef and Ince, Turker},
  journal={IEEE Transactions on Neural Systems and Rehabilitation Engineering},
  volume={24},
  number={3},
  pages={386--398},
  year={2015},
  publisher={IEEE}
}

@article{wang2021one,
  title={One dimensional convolutional neural networks for seizure onset detection using long-term scalp and intracranial EEG},
  author={Wang, Xiaoshuang and Wang, Xiulin and Liu, Wenya and Chang, Zheng and K{\"a}rkk{\"a}inen, Tommi and Cong, Fengyu},
  journal={Neurocomputing},
  volume={459},
  pages={212--222},
  year={2021},
  publisher={Elsevier}
}

@article{zarei2021automatic,
  title={Automatic seizure detection using orthogonal matching pursuit, discrete wavelet transform, and entropy based features of EEG signals},
  author={Zarei, Asghar and Asl, Babak Mohammadzadeh},
  journal={Computers in Biology and Medicine},
  volume={131},
  pages={104250},
  year={2021},
  publisher={Elsevier}
}

@article{li2021seizure,
  title={Seizure onset detection using empirical mode decomposition and common spatial pattern},
  author={Li, Chaosong and Zhou, Weidong and Liu, Guoyang and Zhang, Yanli and Geng, Minxing and Liu, Zhen and Wang, Shang and Shang, Wei},
  journal={IEEE Transactions on Neural Systems and Rehabilitation Engineering},
  volume={29},
  pages={458--467},
  year={2021},
  publisher={IEEE}
}

@phdthesis{shoeb2009application,
  title={Application of machine learning to epileptic seizure onset detection and treatment},
  author={Shoeb, Ali Hossam},
  year={2009},
  school={Massachusetts Institute of Technology}
}

@article{andrzejak2001indications,
  title={Indications of nonlinear deterministic and finite-dimensional structures in time series of brain electrical activity: Dependence on recording region and brain state},
  author={Andrzejak, Ralph G and Lehnertz, Klaus and Mormann, Florian and Rieke, Christoph and David, Peter and Elger, Christian E},
  journal={Physical Review E},
  volume={64},
  number={6},
  pages={061907},
  year={2001},
  publisher={APS}
}

@article{PhysioNet,
 author = "Goldberger, A. L. and Amaral, L. A. N. and Glass, L. and
	   Hausdorff, J. M. and Ivanov, P. Ch. and Mark, R. G. and
	   Mietus, J. E. and Moody, G. B. and Peng, C.-K. and Stanley, H. E.",
 title = "{PhysioBank, PhysioToolkit, and PhysioNet}: Components of a New
	  Research Resource for Complex Physiologic Signals",
 journal = "Circulation",
 year = "2000 (June 13)",
 volume = "101",
 number = "23",
 pages = "e215--e220",
 note = "Circulation Electronic Pages:
         http://circ.ahajournals.org/content/101/23/e215.full
         PMID:1085218; doi: 10.1161/01.CIR.101.23.e215"
}

@article{sharbrough1991american,
  title={American Electroencephalographic Society guidelines for standard electrode position nomenclature},
  author={Sharbrough, FCGE},
  journal={Clin Neurophysiol},
  volume={8},
  pages={200--202},
  year={1991}
}

@article{wong2023eeg,
  title={EEG datasets for seizure detection and predictionâ€”A review},
  author={Wong, Sheng and Simmons, Anj and Rivera-Villicana, Jessica and Barnett, Scott and Sivathamboo, Shobi and Perucca, Piero and Ge, Zongyuan and Kwan, Patrick and Kuhlmann, Levin and Vasa, Rajesh and others},
  journal={Epilepsia Open},
  year={2023},
  publisher={Wiley Online Library}
}

@article{usman2017epileptic,
  title={Epileptic seizures prediction using machine learning methods},
  author={Usman, Syed Muhammad and Usman, Muhammad and Fong, Simon and others},
  journal={Computational and mathematical methods in medicine},
  volume={2017},
  year={2017},
  publisher={Hindawi}
}

@article{slimen2020epileptic,
  title={Epileptic seizure prediction based on EEG spikes detection of ictal-preictal states},
  author={Slimen, Itaf Ben and Boubchir, Larbi and Seddik, Hassene},
  journal={Journal of biomedical research},
  volume={34},
  number={3},
  pages={162},
  year={2020},
  publisher={Education Department of Jiangsu Province}
}

@article{lange1983temporo,
  title={Temporo-spatial patterns of pre-ictal spike activity in human temporal lobe epilepsy},
  author={Lange, Heino H and Lieb, Jeffrey P and Engel Jr, Jerome and Crandall, Paul H},
  journal={Electroencephalography and clinical neurophysiology},
  volume={56},
  number={6},
  pages={543--555},
  year={1983},
  publisher={Elsevier}
}

@article{truccolo2011single,
  title={Single-neuron dynamics in human focal epilepsy},
  author={Truccolo, Wilson and Donoghue, Jacob A and Hochberg, Leigh R and Eskandar, Emad N and Madsen, Joseph R and Anderson, William S and Brown, Emery N and Halgren, Eric and Cash, Sydney S},
  journal={Nature neuroscience},
  volume={14},
  number={5},
  pages={635--641},
  year={2011},
  publisher={Nature Publishing Group US New York}
}

@book{python3,
 author = {Van Rossum, Guido and Drake, Fred L.},
 title = {Python 3 Reference Manual},
 year = {2009},
 isbn = {1441412697},
 publisher = {CreateSpace},
 address = {Scotts Valley, CA}
}

@misc{pyemd,
  author = {Laszuk, Dawid},
  title = {Python implementation of Empirical Mode Decomposition algorithm},
  year = {2017},
  publisher = {GitHub},
  journal = {GitHub Repository},
  howpublished = {https://github.com/laszukdawid/PyEMD},
  doi = {10.5281/zenodo.5459184}
}

@Article{         harris2020array,
 title         = {Array programming with {NumPy}},
 author        = {Charles R. Harris and K. Jarrod Millman and St{\'{e}}fan J.
                 van der Walt et al.},
 year          = {2020},
 month         = sep,
 journal       = {Nature},
 volume        = {585},
 number        = {7825},
 pages         = {357--362},
 doi           = {10.1038/s41586-020-2649-2},
 publisher     = {Springer Science and Business Media {LLC}},
 url           = {https://doi.org/10.1038/s41586-020-2649-2}
}


@misc{tensorflow2015-whitepaper,
title={ {TensorFlow}: Large-Scale Machine Learning on Heterogeneous Systems},
url={https://www.tensorflow.org/},
note={Software available from tensorflow.org},
author={
    Mart\'{i}n~Abadi and
    Ashish~Agarwal and
    Paul~Barham et al.},
  year={2015},
}


@article{gao2022general,
  title={A general sample-weighted framework for epileptic seizure prediction},
  author={Gao, Yikai and Liu, Aiping and Cui, Xinrui and Qian, Ruobing and Chen, Xun},
  journal={Computers in Biology and Medicine},
  volume={150},
  pages={106169},
  year={2022},
  publisher={Elsevier}
}

@article{ozcan2019seizure,
  title={Seizure prediction in scalp EEG using 3D convolutional neural networks with an image-based approach},
  author={Ozcan, Ahmet Remzi and Erturk, Sarp},
  journal={IEEE Transactions on Neural Systems and Rehabilitation Engineering},
  volume={27},
  number={11},
  pages={2284--2293},
  year={2019},
  publisher={IEEE}
}

@article{usman2021deep,
  title={A deep learning based ensemble learning method for epileptic seizure prediction},
  author={Usman, Syed Muhammad and Khalid, Shehzad and Bashir, Sadaf},
  journal={Computers in Biology and Medicine},
  volume={136},
  pages={104710},
  year={2021},
  publisher={Elsevier}
}

@article{usman2019using,
  title={Using scalp EEG and intracranial EEG signals for predicting epileptic seizures: Review of available methodologies},
  author={Usman, Syed Muhammad and Khalid, Shehzad and Akhtar, Rizwan and Bortolotto, Zuner and Bashir, Zafar and Qiu, Haiyang},
  journal={Seizure},
  volume={71},
  pages={258--269},
  year={2019},
  publisher={Elsevier}
}


@article{natu2022review,
  title={Review on epileptic seizure prediction: machine learning and deep learning approaches},
  author={Natu, Milind and Bachute, Mrinal and Gite, Shilpa and Kotecha, Ketan and Vidyarthi, Ankit and others},
  journal={Computational and Mathematical Methods in Medicine},
  volume={2022},
  year={2022},
  publisher={Hindawi}
}

@article{parvez2015epileptic,
  title={Epileptic seizure detection by exploiting temporal correlation of electroencephalogram signals},
  author={Parvez, Mohammad Zavid and Paul, Manoranjan},
  journal={IET Signal Processing},
  volume={9},
  number={6},
  pages={467--475},
  year={2015},
  publisher={Wiley Online Library}
}

@inproceedings{lin2009eeg,
  title={EEG-based emotion recognition in music listening: A comparison of schemes for multiclass support vector machine},
  author={Lin, Yuan-Pin and Wang, Chi-Hong and Wu, Tien-Lin and Jeng, Shyh-Kang and Chen, Jyh-Horng},
  booktitle={2009 IEEE international conference on acoustics, speech and signal processing},
  pages={489--492},
  year={2009},
  organization={IEEE}
}


@inproceedings{ilyas,
  title={Classification of EEG signals for brain-computer interface applications: Performance comparison},
  author={Ilyas, MZ and Saad, P and Ahmad, MI and Ghani, ARI},
  booktitle={2016 International Conference on Robotics, Automation and Sciences (ICORAS)},
  year={2016},
  organization={IEEE}
}


@article{guo,
  title={Automatic epileptic seizure detection in EEGs based on line length feature and artificial neural networks},
  author={Guo, Ling and Rivero, Daniel and Dorado, Juli{\'a}n and Rabunal, Juan R and Pazos, Alejandro},
  journal={Journal of neuroscience methods},
  volume={191},
  number={1},
  pages={101--109},
  year={2010},
  publisher={Elsevier}
}

@inproceedings{yuvaraj2018deep,
  title={A deep learning scheme for automatic seizure detection from long-term scalp EEG},
  author={Yuvaraj, Rajamanickam and Thomas, John and Kluge, Tilmann and Dauwels, Justin},
  booktitle={2018 52nd Asilomar conference on signals, systems, and computers},
  pages={368--372},
  year={2018},
  organization={IEEE}
}

@article{assi2017towards,
  title={Towards accurate prediction of epileptic seizures: A review},
  author={Assi, Elie Bou and Nguyen, Dang K and Rihana, Sandy and Sawan, Mohamad},
  journal={Biomedical Signal Processing and Control},
  volume={34},
  pages={144--157},
  year={2017},
  publisher={Elsevier}
}

@article{cho2016eeg,
  title={EEG-based prediction of epileptic seizures using phase synchronization elicited from noise-assisted multivariate empirical mode decomposition},
  author={Cho, Dongrae and Min, Beomjun and Kim, Jongin and Lee, Boreom},
  journal={IEEE Transactions on Neural Systems and Rehabilitation Engineering},
  volume={25},
  number={8},
  pages={1309--1318},
  year={2016},
  publisher={IEEE}
}

@article{wang2013online,
  title={Online seizure prediction using an adaptive learning approach},
  author={Wang, Shouyi and Chaovalitwongse, Wanpracha Art and Wong, Stephen},
  journal={IEEE transactions on knowledge and data engineering},
  volume={25},
  number={12},
  pages={2854--2866},
  year={2013},
  publisher={IEEE}
}

@article{mirowski2009classification,
  title={Classification of patterns of EEG synchronization for seizure prediction},
  author={Mirowski, Piotr and Madhavan, Deepak and LeCun, Yann and Kuzniecky, Ruben},
  journal={Clinical neurophysiology},
  volume={120},
  number={11},
  pages={1927--1940},
  year={2009},
  publisher={Elsevier}
}

@article{jacobs2018classification,
  title={Classification of pre-clinical seizure states using scalp EEG cross-frequency coupling features},
  author={Jacobs, Daniel and Hilton, Trevor and Del Campo, Martin and Carlen, Peter L and Bardakjian, Berj L},
  journal={IEEE Transactions on Biomedical Engineering},
  volume={65},
  number={11},
  pages={2440--2449},
  year={2018},
  publisher={IEEE}
}
@article{sharma2018epileptic,
  title={Epileptic seizure anticipation and localisation of epileptogenic region using EEG signals},
  author={Sharma, Aarti and Rai, JK and Tewari, RP},
  journal={Journal of Medical Engineering \& Technology},
  volume={42},
  number={3},
  pages={203--216},
  year={2018},
  publisher={Taylor \& Francis}
}

@article{kemp1992simple,
  title={A simple format for exchange of digitized polygraphic recordings},
  author={Kemp, Bob and V{\"a}rri, Alpo and Rosa, Agostinho C and Nielsen, Kim D and Gade, John},
  journal={Electroencephalography and clinical neurophysiology},
  volume={82},
  number={5},
  pages={391--393},
  year={1992},
  publisher={Elsevier}
}
@article{kemp2013european,
  title={European data format now supports video},
  author={Kemp, Bob and Roessen, Marco},
  journal={Sleep},
  volume={36},
  number={7},
  pages={1111--1111},
  year={2013},
  publisher={Oxford University Press}
}

@article{stftWiki,
  title = {Short-time {Fourier} transform},
  author = {{Wikipedia contributors}},
  journal = {Wikipedia},
  year = {2024},
  url = {https://en.wikipedia.org/wiki/Short-time_Fourier_transform}
}

@article{keshtkaran2014fast,
  title={A fast, robust algorithm for power line interference cancellation in neural recording},
  author={Keshtkaran, Mohammad Reza and Yang, Zhi},
  journal={Journal of neural engineering},
  volume={11},
  number={2},
  pages={026017},
  year={2014},
  publisher={IOP Publishing}
}

@article{savadkoohi2020machine,
  title={A machine learning approach to epileptic seizure prediction using Electroencephalogram (EEG) Signal},
  author={Savadkoohi, Marzieh and Oladunni, Timothy and Thompson, Lara},
  journal={Biocybernetics and Biomedical Engineering},
  volume={40},
  number={3},
  pages={1328--1341},
  year={2020},
  publisher={Elsevier}
}

@misc{freiburg_eeg,
  author = {Seizure Prediction Project Freiburg},
  title = {EEG Database},
  year = {2024},
  publisher = {University of Freiburg},
  howpublished = {\url{https://epilepsy.uni-freiburg.de/freiburg-seizure-prediction-project/eeg-database}},
  note = {Accessed: 2024-04-07}
}

@article{truong2018convolutional,
  title={Convolutional neural networks for seizure prediction using intracranial and scalp electroencephalogram},
  author={Truong, Nhan Duy and Nguyen, Anh Duy and Kuhlmann, Levin and Bonyadi, Mohammad Reza and Yang, Jiawei and Ippolito, Samuel and Kavehei, Omid},
  journal={Neural Networks},
  volume={105},
  pages={104--111},
  year={2018},
  publisher={Elsevier}
}

@misc{tomaton1242010,
  title = "21 electrodes of International 10-20 system for EEG.svg",
  year = "2010",
  url = "https://commons.wikimedia.org/wiki/File:21\_electrodes\_of\_International\_10-20\_system\_for\_EEG.svg",
  note = "Accessed: 2024-04-10"
}

@misc{neuraldatascience2024,
  author = "Neural Data Science",
  title = "What is EEG? - Neural Data Science in Python",
  year = "2024",
  url = "https://neuraldatascience.io/7-eeg/about\_eeg.html",
  note = "Accessed: 2024-04-10"
}

@article{morley201610,
  title={10-20 system EEG Placement},
  author={Morley, Andrew and Hill, Lizzie and Kaditis, A},
  journal={European Respiratory Society, European Respiratory Society},
  year={2016}
}


@misc{brownlee2021adam,
  author = {Brownlee, Jason},
  title = {Gentle Introduction to the Adam Optimization Algorithm for Deep Learning},
  year = {2021},
  howpublished = {\url{^1^}},
  note = {Accessed: 2024-04-14}
}


@article{thijs2019epilepsy,
  title={Epilepsy in adults},
  author={Thijs, Roland D and Surges, Rainer and O'Brien, Terence J and Sander, Josemir W},
  journal={The lancet},
  volume={393},
  number={10172},
  pages={689--701},
  year={2019},
  publisher={Elsevier}
}


@article{galanopoulou2012identification,
  title={Identification of new epilepsy treatments: issues in preclinical methodology},
  author={Galanopoulou, Aristea S and Buckmaster, Paul S and Staley, Kevin J and Mosh{\'e}, Solomon L and Perucca, Emilio and Engel Jr, Jerome and L{\"o}scher, Wolfgang and Noebels, Jeffrey L and Pitk{\"a}nen, Asla and Stables, James and others},
  journal={Epilepsia},
  volume={53},
  number={3},
  pages={571--582},
  year={2012},
  publisher={Wiley Online Library}
}

@article{moghim2014predicting,
  title={Predicting epileptic seizures in advance},
  author={Moghim, Negin and Corne, David W},
  journal={PloS one},
  volume={9},
  number={6},
  pages={e99334},
  year={2014},
  publisher={Public Library of Science San Francisco, USA}
}

@article{loscher2011modern,
  title={Modern antiepileptic drug development has failed to deliver: ways out of the current dilemma},
  author={L{\"o}scher, Wolfgang and Schmidt, Dieter},
  journal={Epilepsia},
  volume={52},
  number={4},
  pages={657--678},
  year={2011},
  publisher={Wiley Online Library}
}